<?xml version="1.0" encoding="UTF-8"?><collection xmlns="http://www.loc.gov/MARC21/slim"><record><leader>00691nam--2200193-u-4500</leader><controlfield tag="001">000055760</controlfield><controlfield tag="002">20161230</controlfield><controlfield tag="005">20161230201052</controlfield><controlfield tag="008">130411s1000------------r-----000-0-rus-d</controlfield><datafield ind1=" " ind2=" " tag="040"><subfield code="a">IFIN-HH</subfield></datafield><datafield ind1=" " ind2=" " tag="041"><subfield code="a">rus</subfield></datafield><datafield ind1=" " ind2=" " tag="080"><subfield code="a">512(083.4)</subfield></datafield><datafield ind1="1" ind2=" " tag="100"><subfield code="a">Comrie, L.J</subfield></datafield><datafield ind1="1" ind2="0" tag="245"><subfield code="a">Tabliti barlou kvadratov, kubov, kvadratnih kornei, kubiceskih kornei i obratnih velicin vseh telih cisel do 12500</subfield><subfield code="c">L.j. comrie (ed.)</subfield></datafield><datafield ind1=" " ind2=" " tag="260"><subfield code="a">Moskva</subfield><subfield code="b">Inostrannoi Literaturi</subfield><subfield code="c">1950</subfield></datafield><datafield ind1=" " ind2=" " tag="300"><subfield code="a">257P</subfield></datafield><datafield ind1=" " ind2=" " tag="500"><subfield code="a">Titlul Original In Limba Engleza: Barlow'S Tables Of Squares, Cubes, Square Roots, Cube Roota And Reciprocals Of All Integers Up To 12500</subfield></datafield><datafield ind1=" " ind2=" " tag="852"><subfield code="a">44546</subfield><subfield code="c">H.H</subfield></datafield><datafield ind1=" " ind2=" " tag="CAT"><subfield code="a">Sys</subfield><subfield code="c">20130411</subfield><subfield code="h">150401</subfield></datafield></record></collection>